@inproceedings{OPM15,
     author = {Ocariza,Jr., Frolin S. and Pattabiraman, Karthik and Mesbah, Ali},
     title = {Detecting Inconsistencies in JavaScript MVC Applications},
     booktitle = {Proceedings of the 37th International Conference on Software Engineering},
     series = {ICSE '15},
     year = {2015},
     isbn = {978-1-4799-1934-5},
     location = {Florence, Italy},
     pages = {325--335},
     numpages = {11},
     publisher = {IEEE Press},
     address = {Piscataway, NJ, USA},
} 

@article{MLPK17,
 author = {Mitropoulos, Dimitris and Louridas, Panos and Polychronakis, Michalis and Keromytis, Angelos D.},
 title = {Defending against {W}eb application attacks: approaches, challenges and implications},
 journal = {IEEE Transactions on Dependable and Secure Computing},
 volume = {PP},
 year = {2017},
 publisher = {IEEE},
}

@inproceedings {179224,
    author = {Georgios Tsoukalas and Kostas Papadimitriou and Panos Louridas and Panayiotis Tsanakas},
    title = {From Helios to Zeus},
    booktitle = {Presented as part of the 2013 Electronic Voting Technology Workshop/Workshop on Trustworthy Elections},
    year = {2013},
    address = {Washington, D.C.},
    url = {https://www.usenix.org/conference/evtwote13/workshop-program/presentation/Tsoukalas},
    publisher = {{USENIX}},
}

@misc{owasp_wap,
    author = {Iberia Medeiros},
    organization = {OWASP},
    title = {WAP - Web Application Protection Project},
    year = {2016},
    url = {https://www.owasp.org/index.php/OWASP_WAP-Web_Application_Protection},
}

@misc{okeanos,
    title = {{$\sim$okeanos: The Greek Research and Technology Network Cloud Service}},
    organization = {Greek Research and Technology Network},
    howpublished = "\url{https://okeanos.grnet.gr/home/}",
    note = "[Online; accessed 1-January-2019]"
}

@misc{weblatepatch,
    title = {{Weblate: Improve Engage Page Patch}},
    organization = {WeblateOrg},
    howpublished = "\url{https://github.com/WeblateOrg/weblate/commit/63218cd4256941f02030b663d7207d69a0f1f173}",
    note = "[Online; accessed 10-February-2019]"
}

@misc{zeus,
    title = {{Zeus E-voting Service}},
    organization = {Greek Research and Technology Network},
    howpublished = "\url{https://zeus.grnet.gr/zeus/}",
    note = "[Online; accessed 1-January-2019]"
}

@misc{misago,
    title = {{Misago Project Forums}},
	howpublished = "\url{https://misago-project.org/}",
    note = "[Online; accessed 1-January-2019]"
}

@misc{vima,
    title = {{ViMa, Virtual Machines}},
    organization = {Greek Research and Technology Network},
    howpublished = "\url{https://vima.grnet.gr}",
    note = "[Online; accessed 1-January-2019]"
}

@misc{phpma,
    title = {{phpMyAdmin: Bringing MySQL to the web}},
    howpublished = "\url{https://www.phpmyadmin.net/}",
    note = "[Online; accessed 1-January-2019]"
}

@misc{dhbk,
    title = {{The Debian Administrator's Handbook}},
    howpublished = "\url{https://debian-handbook.info/}",
    note = "[Online; accessed 1-January-2019]"
}

@misc{weblate,
    author = {Michal Cihar},
    title = {{Weblate: Bring translators closer to development}},
    howpublished = "\url{https://weblate.org/en/}",
    note = "[Online; accessed 1-January-2019]"
}

@misc{pylint,
    title = {{Pylint: Code Analysis for Python}},
    organization = {Python community},
    howpublished = "\url{https://www.pylint.org/}",
    note = "[Online; accessed 20-December-2018]"
}

@manual{django_decorators,
    title = {Django decorators},
    organization = {Django project},
    edition = {2.1},  
    url = { https://docs.djangoproject.com/en/2.1/topics/http/decorators/ },
}

@manual{py_flake,
    title = {{Flake8: Your Tool For Style Guide Enforcement}},
    organization = {PyCQA},
    howpublished = "\url{https://pypi.org/project/flake8}",
    note = "[Online; accessed 20-December-2018]"
}

@misc{django_lint,
    author ={Chris Lamb},
    title = {{Django-Lint: Static analysis tool for Django projects}},
    howpublished = "\url{https://chris-lamb.co.uk/projects/django-lint}",
    note = "[Online; accessed 20-December-2018]"
} 

@misc{bandit,
    title = {{Python AST-based static analyzer from OpenStack Security Group }},
    howpublished = "\url{https://github.com/openstack/bandit}",
    note = "[Online; accessed 20-December-2018]"
} 
 
@manual{jinja ,
    title = {Jinja - Template engine for Python.},
    author = {Armin Ronacher},
    edition = {2.1}, 
    url = {http://jinja.pocoo.org/},
	note = "[Online; accessed 20-December-2018]"
} 

@masterthesis{pyt, 
    author = {Stefan Micheelsen and Bruno Thalmann},
    title = {PyT - A Static Analysis Tool for Detecting  Security  Vulnerabilities  in  Python
    Web Applications},
    url = {https://github.com/python-security/pyt},
    school = {Computer Science Dpt, Aalborg University}, 
    year = 2016,
}

@misc{django, 
    title = {{The Django Project}},
    organization = {Django Software Foundation},
    howpublished = "\url{https://www.djangoproject.com/}",
    note = "[Online; accessed 20-December-2018]"
} 

@misc{django_versions, 
    key = {DSF Download Django},
    title = {{Django supported versions}},
    organization = {Django Software Foundation},
    howpublished = "\url{https://www.djangoproject.com/download/}",
    note = "[Online; accessed 1-January-2019]"
} 

@misc{django_sec, 
    key = {DSF Security},
    title = {Security in Django},
    organization = {Django Software Foundation},
    howpublished = "\url{https://docs.djangoproject.com/en/2.1/topics/security/}",
    note = "[Online; accessed 20-December-2018]"
} 

@misc{django_cve, 
    key = {CVE Django},
    title = {Django: Security Vulnerabilities},
    organization = {CVE Details},
    howpublished = "\url{https://www.cvedetails.com/vulnerability-list/vendor_id-10199/product_id-18211/Djangoproject-Django.html}",
    note = "[Online; accessed 20-December-2018]"
} 

@misc{laravel, 
    key = {PHP Laravel},
    title = {{Laravel - The PHP Framework For Web Artisans}},
    howpublished = "\url{https://laravel.com/}",
    note = "[Online; accessed 20-December-2018]"
} 

@misc{csrf_exempt, 
    key = {Stack Overflow Django CSRF},
    title = {{How to exempt CSRF Protection on direct\_to\_template}},
    howpublished = "\url{https://stackoverflow.com/questions/11610306/how-to-exempt-csrf-protection-on-direct-to-template}",
    note = "[Online; accessed 20-December-2018]"
} 

@book{Holovaty:2009:DGD:1572516,
    author = {Holovaty, Adrian and Kaplan-Moss, Jacob},
    title = {The Definitive Guide to Django: Web Development Done Right, Second Edition},
    year = {2009},
    isbn = {143021936X, 9781430219361},
    edition = {2nd},
    publisher = {Apress},
    address = {Berkely, CA, USA},
} 
@misc{django_mvt, 
    key = {Djangobook structure},
    title = {Django's Structure - A Heretic's Eye View},
    organization = {The Django Book},
    howpublished = "\url{https://djangobook.com/mdj2-django-structure/}",
    note = "[Online; accessed 20-December-2018]"
} 

@misc{python_trend, 
     key = {Stack Overflow trends},
    title = {Stack Overflow Trends},
    organization = {Stack Overflow},
    howpublished = "\url{https://insights.stackoverflow.com/trends?tags=python\%2Cjavascript\%2Cjava\%2Cc\%23\%2Cphp\%2Cc\%2B\%2B}",
    year = {2018},
} 

@article{nguyensecurity,
    author = {Nguyen, Christopher D and Aqeel, Urooj and Reyes, Irwin},
    title = {A Security Audit of the Random-Sample Elections System Implementation},
    year = {2014},
}	

@inproceedings{zeus-jets,
  author    = {Georgios Tsoukalas and
               Kostas Papadimitriou and
               Panos Louridas and
               Panayiotis Tsanakas},
  title     = {From {H}elios to {Z}eus},
  booktitle = {2013 Electronic Voting Technology Workshop / Workshop on Trustworthy
               Elections, {EVT/WOTE} '13, Washington, D.C., USA, August 12-13},
  year      = {2013},
}

@misc{pnrmx-del,
    title = {{Requirements and User
    Interface Design}},
    author    = {Panos Louridas and
    Georgios Tsoukalas and
    Dimitris Mitropoulos},
    howpublished = "\url{https://panoramix-project.eu/wp-content/uploads/2016/10/D5.1.pdf}",
    note = "[Online; accessed 20-December-2018]"
} 

@inproceedings{LL05,
 author = {Livshits, V. Benjamin and Lam, Monica S.},
 title = {Finding Security Vulnerabilities in {J}ava Applications with Static Analysis},
 booktitle = {Proceedings of the 14th USENIX Security Symposium},
 year = {2005},
 location = {Baltimore, MD},
 pages = {18--18},
 numpages = {1},
 publisher = {USENIX Association},
 address = {Berkeley, CA, USA},
} 

@inproceedings{JKK06,
 author = {Jovanovic, Nenad and Kruegel, Christopher and Kirda, Engin},
 title = {Pixy: A Static Analysis Tool for Detecting Web Application Vulnerabilities (Short Paper)},
 booktitle = {Proceedings of the 2006 IEEE Symposium on Security and Privacy},
 year = {2006},
 isbn = {0-7695-2574-1},
 pages = {258--263},
 numpages = {6},
 publisher = {IEEE Computer Society},
 address = {Washington, DC, USA},
}

@inproceedings{DH14,
 author = {Dahse, Johannes and Holz, Thorsten},
 title = {Static Detection of Second-order Vulnerabilities in Web Applications},
 booktitle = {Proceedings of the 23rd USENIX Security Symposium},
 year = {2014},
 isbn = {978-1-931971-15-7},
 location = {San Diego, CA},
 pages = {989--1003},
 numpages = {15},
 publisher = {USENIX Association},
 address = {Berkeley, CA, USA},
} 

@InProceedings{VFJKKV07,
  author =   {P. Vogt and F. Nentwich and N. Jovanovic and E. Kirda and C. Kruegel and G.  Vigna},
  title =    {Cross-Site Scripting Prevention with Dynamic Data Tainting and Static Analysis},
  booktitle =    {NDSS '07},
  year =   2007,
}

@inproceedings {SLMS14,
author = {Ben Stock and Sebastian Lekies and Tobias Mueller and Patrick Spiegel and Martin Johns},
title = {Precise Client-side Protection against {\sc dom}-based Cross-Site Scripting},
booktitle = {23rd USENIX Security},
year = {2014},
isbn = {978-1-931971-15-7},
pages = {655--670},
}

@inproceedings{NLC07,
 author = {Nanda, Susanta and Lam, Lap-Chung and Chiueh, Tzi-cker},
 title = {Dynamic Multi-process Information Flow Tracking for Web Application Security},
 booktitle = {Proceedings of the 2007 International Conference on Middleware Companion},
 year = {2007},
 isbn = {978-1-59593-935-7},
 location = {Newport Beach, California},
 pages = {19:1--19:20},
 articleno = {19},
 numpages = {20},
 publisher = {ACM},
 keywords = {SQL injection, cross-site scripting, dynamic checking compiler, information flow tracking, taint analysis, web application security},
} 

@inproceedings{PMP11,
 author = {Papagiannis, Ioannis and Migliavacca, Matteo and Pietzuch, Peter},
 title = {{PHP} {A}spis: Using Partial Taint Tracking to Protect Against Injection Attacks},
 booktitle = {Proceedings of the 2Nd USENIX Conference on Web Application Development},
 year = {2011},
 location = {Portland, OR},
 pages = {2--2},
 numpages = {1},
} 

@article{GLH03,
 author = {GuangChun, Luo and Lu, WangYanhua and Hanhong, Xianliang},
 title = {A Novel Web Application Frame Developed by {MVC}},
 journal = {SIGSOFT Softw. Eng. Notes},
 issue_date = {March 2003},
 volume = {28},
 number = {2},
 month = mar,
 year = {2003},
 issn = {0163-5948},
 pages = {7--},
 publisher = {ACM},
 address = {New York, NY, USA},
} 

@inproceedings{BD04,
 author = {Barrett, Ronan and Delany, Sarah Jane},
 title = {OpenMVC: A Non-proprietry Component-based Framework for Web Applications},
 booktitle = {Proceedings of the 13th International World Wide Web Conference on Alternate Track Papers \&Amp; Posters},
 series = {WWW Alt. '04},
 year = {2004},
 isbn = {1-58113-912-8},
 location = {New York, NY, USA},
 pages = {464--465},
 numpages = {2},
 publisher = {ACM},
 address = {New York, NY, USA},
} 

@inproceedings{ME07,
 author = {McCamant, Stephen and Ernst, Michael D.},
 title = {A Simulation-based Proof Technique for Dynamic Information Flow},
 booktitle = {Proceedings of the 2007 Workshop on Programming Languages and Analysis for Security},
 series = {PLAS '07},
 year = {2007},
 isbn = {978-1-59593-711-7},
 location = {San Diego, California, USA},
 pages = {41--46},
 numpages = {6},
 publisher = {ACM},
 address = {New York, NY, USA},
} 
